% This file was created with JabRef 2.10.
% Encoding: utf-8


@article{Tanenbaum,
	Title					= {Redes de Computadores: tradução [ds 3. ed. original] Insight Serviços de Informática},
	author 					= {TANENBAUM, Andrew S},
	journal 				= {Rio de Janeiro: Campus},
	year 					= {1997}
}

@misc{Agilar,
  Title                    = {Uma abordagem orientada a serviços para a modernização de sistemas legados},
  Author                   = {Agilar, Everton de Vargas},
  Year                     = {2017},
  Timestamp                = {2017.05.18}
}

@TechReport{daSilva,
  Title                    = {Gerenciamento de Equipamentos Usando o Protocolo SNMP},
  Author                   = {Contessa, Diego Fraga and Polina, Everton Rafael@article{da2014arquitetura,
 						     title={Arquitetura de monitoramento para security-sla em nuvem computacional do tipo saas},
							 author={da Silva, Carlos Alberto and de Geus, Paulo Lúcio},
							 journal={Proceedings of the XIV Simp{\'o}sio Brasileiro em Segurança da Informação e de Sistemas Computacionais (SBSEG14)},
							 year={2014}
							 }},
  Institution              = {Technical report, Departamento de Pesquisa e Desenvolvimento-CP Eletrônica SA, 2010. 12},
  Year                     = {2010},
  Timestamp                = {2017.05.18}
}

@Misc{deMello,
  Title                    = {Protótipo de um agente SNMP para uma rede local utilizando a plataforma JDMK},
  Author                   = {de Mello, Jorge Lucas},
  Year                     = {2008},
  Timestamp                = {2017.05.18}
}

@Article{deGeus,
  Title                    = {Arquitetura de monitoramento para security-sla em nuvem computacional do tipo saas},
  Author                   = {da Silva, Carlos Alberto and de Geus, Paulo Lúcio},
  Journal                  = {Proceedings of the XIV Simpósio Brasileiro em Segurança da Informação e de Sistemas Computacionais (SBSEG14)},
  Year                     = {2014},
  Timestamp                = {2017.05.18}
}

@article{Dias,
	Title				   = {Protocolo de gerenciamento SNMP},
	author				   = {Dias, Beethovem Zanella and Alves Jr, Nilton},
	journal				   = {artigo extraído da Internet},
	year       			   = {2002},
    Timestamp              = {2017.05.18}
}

@misc{Braga,
	Title				   = {Estudo sobre o Protocolo SNMP e comparativo entre ferramentas},
	author				   = {Braga, Jeferson de Oliveira},
	year				   = {2011},
	Timestamp              = {2017.05.18}
}

@phdthesis{Fraga,
	title 				   = {Monitorização de Processos Multimédia},
	author 				   = {Fraga, Sandro David Ribeiro},
	year  				   = {2008},
	school    			   = {Universidade do Porto},
	Timestamp              = {2017.05.18}
}